<?xml version="1.0" encoding="UTF-8"?><collection xmlns="http://www.loc.gov/MARC21/slim"><record><leader>00398nam--2200145-i-4500</leader><controlfield tag="001">000032241</controlfield><controlfield tag="002">20161230</controlfield><controlfield tag="005">20161230201039</controlfield><controlfield tag="008">060222s1000------------r-----000-0-eng-d</controlfield><datafield ind1=" " ind2=" " tag="080"><subfield code="a">511+517.949.4</subfield></datafield><datafield ind1=" " ind2=" " tag="100"><subfield code="a">Marcusevici, A.I</subfield></datafield><datafield ind1=" " ind2=" " tag="245"><subfield code="a">Siruri recurente</subfield></datafield><datafield ind1=" " ind2=" " tag="260"><subfield code="a">Bucuresti, Editura Tehnica, 1953, 44p</subfield></datafield><datafield ind1=" " ind2=" " tag="490"><subfield code="a">Biblioteca Societatii De Stiinte Matematice Si Fizice Din Rpr</subfield></datafield><datafield ind1=" " ind2=" " tag="852"><subfield code="a">2553</subfield></datafield></record></collection>